@book{debnath2005introduction,
  title={Introduction to Hilbert spaces with applications},
  author={Debnath, Lokenath and Mikusinski, Piotr},
  year={2005},
  publisher={Academic press}
}
@article{hofmann2008kernel,
  title={Kernel methods in machine learning},
  author={Hofmann, Thomas and Sch{\"o}lkopf, Bernhard and Smola, Alexander J},
  journal={The annals of statistics},
  volume={36},
  number={3},
  pages={1171--1220},
  year={2008},
  publisher={Institute of Mathematical Statistics}
}
@inproceedings{scholkopf2001generalized,
  title={A generalized representer theorem},
  author={Sch{\"o}lkopf, Bernhard and Herbrich, Ralf and Smola, Alex J},
  booktitle={International conference on computational learning theory},
  pages={416--426},
  year={2001},
  organization={Springer}
}